@misc{KrohnAW1,
  author = {Krohn, Andreas},
  title = {{Ausarbeitung Anwendung 1 - Erweiterung des Routing-Atlas}},
  url = {http://users.informatik.haw-hamburg.de/~ubicomp/projekte/master10-11-aw1/krohn/bericht.pdf},
  urldate = {11/11/2012},
  year = {2010},
}

@misc{KrohnAW2,
  author = {Krohn, Andreas},
  title = {{Ausarbeitung Anwendung 2 - Erweiterung des Routing-Atlas}},
  url = {http://users.informatik.haw-hamburg.de/~ubicomp/projekte/master2012-aw2/krohn/bericht.pdf},
  urldate = {11/11/2012},
  year = {2012},
}

@inproceedings{Winter:2009:MIR:1577959.1577976,
  acmid = {1577976},
  address = {Washington, DC, USA},
  author = {Rolf Winter},
  booktitle = {{Proceedings of the 2009 ACM/IEEE/SCS 23rd Workshop on Principles of Advanced and Distributed Simulation}},
  doi = {10.1109/PADS.2009.17},
  isbn = {978-0-7695-3713-9},
  keywords = {AS-level topology; Inter-domain routing; topology modeling},
  numpages = {8},
  pages = {72â€“79},
  publisher = {IEEE Computer Society},
  series = {{PADS '09}},
  title = {{Modeling the Internet Routing Topology - In Less than 24h}},
  url = {http://dx.doi.org/10.1109/PADS.2009.17},
  year = {2009},
}

@misc{neclab-topology,
  title = {{Internet AS-level topology construction \& analysis}},
  url = "http://topology.neclab.eu/",
}
